@article{MacIver2019,
  doi = {10.21105/joss.01891},
  url = {https://doi.org/10.21105/joss.01891},
  year = {2019},
  publisher = {The Open Journal},
  volume = {4},
  number = {43},
  pages = {1891},
  author = {David R. MacIver and Zac Hatfield-Dodds and Many Other Contributors},
  title = {Hypothesis: A new approach to property-based testing},
  journal = {Journal of Open Source Software}
}

@article{Sen2005,
  doi = {10.1145/1095430.1081750},
  url = {https://doi.org/10.1145/1095430.1081750},
  year = {2005},
  month = sep,
  publisher = {Association for Computing Machinery ({ACM})},
  volume = {30},
  number = {5},
  pages = {263--272},
  author = {Koushik Sen and Darko Marinov and Gul Agha},
  title = {{CUTE}},
  journal = {{ACM} {SIGSOFT} Software Engineering Notes}
}
